@misc{transpiler,
  author = {Wikipedia},
  title = {{Source-to-source compiler}},
  howpublished = "\url{https://en.wikipedia.org/wiki/Source-to-source_compiler}",
  year = {2017}, 
  note = "[Online; accessed 03-Dec-2017]"
}
@misc{lecture,
  author = {Thomas Austin},
  title = {{Parsec}},
  howpublished = "\url{http://www.cs.sjsu.edu/~austin/cs252-fall17/slides/CS252-Day11-Parsec.pdf}",
  year = {2017}, 
  note = "[Online; accessed 20-Nov-2017]"
}